%YAML 1.1
%TAG !u! tag:unity3d.com,2011:
--- !u!29 &1
OcclusionCullingSettings:
  m_ObjectHideFlags: 0
  serializedVersion: 2
  m_OcclusionBakeSettings:
    smallestOccluder: 5
    smallestHole: 0.25
    backfaceThreshold: 100
  m_SceneGUID: 00000000000000000000000000000000
  m_OcclusionCullingData: {fileID: 0}
--- !u!104 &2
RenderSettings:
  m_ObjectHideFlags: 0
  serializedVersion: 9
  m_Fog: 1
  m_FogColor: {r: 0.18431373, g: 0.41960788, b: 0.83921576, a: 1}
  m_FogMode: 1
  m_FogDensity: 0
  m_LinearFogStart: 1.86
  m_LinearFogEnd: 4.08
  m_AmbientSkyColor: {r: 0.212, g: 0.227, b: 0.259, a: 1}
  m_AmbientEquatorColor: {r: 0.114, g: 0.125, b: 0.133, a: 1}
  m_AmbientGroundColor: {r: 0.047, g: 0.043, b: 0.035, a: 1}
  m_AmbientIntensity: 1
  m_AmbientMode: 0
  m_SubtractiveShadowColor: {r: 0.42, g: 0.478, b: 0.627, a: 1}
  m_SkyboxMaterial: {fileID: 2100000, guid: 56113b3b655ab7349bab4d7d405c258a, type: 2}
  m_HaloStrength: 0.446
  m_FlareStrength: 1
  m_FlareFadeSpeed: 3
  m_HaloTexture: {fileID: 0}
  m_SpotCookie: {fileID: 10001, guid: 0000000000000000e000000000000000, type: 0}
  m_DefaultReflectionMode: 0
  m_DefaultReflectionResolution: 128
  m_ReflectionBounces: 1
  m_ReflectionIntensity: 1
  m_CustomReflection: {fileID: 0}
  m_Sun: {fileID: 1236779103}
  m_IndirectSpecularColor: {r: 0.47266144, g: 0.600075, b: 0.83577776, a: 1}
  m_UseRadianceAmbientProbe: 0
--- !u!157 &3
LightmapSettings:
  m_ObjectHideFlags: 0
  serializedVersion: 12
  m_GIWorkflowMode: 1
  m_GISettings:
    serializedVersion: 2
    m_BounceScale: 1
    m_IndirectOutputScale: 1
    m_AlbedoBoost: 1
    m_EnvironmentLightingMode: 0
    m_EnableBakedLightmaps: 1
    m_EnableRealtimeLightmaps: 0
  m_LightmapEditorSettings:
    serializedVersion: 12
    m_Resolution: 2
    m_BakeResolution: 40
    m_AtlasSize: 1024
    m_AO: 0
    m_AOMaxDistance: 1
    m_CompAOExponent: 1
    m_CompAOExponentDirect: 0
    m_ExtractAmbientOcclusion: 0
    m_Padding: 2
    m_LightmapParameters: {fileID: 0}
    m_LightmapsBakeMode: 1
    m_TextureCompression: 1
    m_FinalGather: 0
    m_FinalGatherFiltering: 1
    m_FinalGatherRayCount: 256
    m_ReflectionCompression: 2
    m_MixedBakeMode: 2
    m_BakeBackend: 1
    m_PVRSampling: 1
    m_PVRDirectSampleCount: 32
    m_PVRSampleCount: 512
    m_PVRBounces: 2
    m_PVREnvironmentSampleCount: 256
    m_PVREnvironmentReferencePointCount: 2048
    m_PVRFilteringMode: 1
    m_PVRDenoiserTypeDirect: 1
    m_PVRDenoiserTypeIndirect: 1
    m_PVRDenoiserTypeAO: 1
    m_PVRFilterTypeDirect: 0
    m_PVRFilterTypeIndirect: 0
    m_PVRFilterTypeAO: 0
    m_PVREnvironmentMIS: 1
    m_PVRCulling: 1
    m_PVRFilteringGaussRadiusDirect: 1
    m_PVRFilteringGaussRadiusIndirect: 5
    m_PVRFilteringGaussRadiusAO: 2
    m_PVRFilteringAtrousPositionSigmaDirect: 0.5
    m_PVRFilteringAtrousPositionSigmaIndirect: 2
    m_PVRFilteringAtrousPositionSigmaAO: 1
    m_ExportTrainingData: 0
    m_TrainingDataDestination: TrainingData
    m_LightProbeSampleCountMultiplier: 4
  m_LightingDataAsset: {fileID: 0}
  m_LightingSettings: {fileID: 0}
--- !u!196 &4
NavMeshSettings:
  serializedVersion: 2
  m_ObjectHideFlags: 0
  m_BuildSettings:
    serializedVersion: 2
    agentTypeID: 0
    agentRadius: 0.5
    agentHeight: 2
    agentSlope: 45
    agentClimb: 0.4
    ledgeDropHeight: 0
    maxJumpAcrossDistance: 0
    minRegionArea: 2
    manualCellSize: 0
    cellSize: 0.16666667
    manualTileSize: 0
    tileSize: 256
    accuratePlacement: 0
    maxJobWorkers: 0
    preserveTilesOutsideBounds: 0
    debug:
      m_Flags: 0
  m_NavMeshData: {fileID: 0}
--- !u!1 &226676782
GameObject:
  m_ObjectHideFlags: 0
  m_CorrespondingSourceObject: {fileID: 0}
  m_PrefabInstance: {fileID: 0}
  m_PrefabAsset: {fileID: 0}
  serializedVersion: 6
  m_Component:
  - component: {fileID: 226676783}
  - component: {fileID: 226676786}
  - component: {fileID: 226676785}
  - component: {fileID: 226676787}
  m_Layer: 0
  m_Name: Plane
  m_TagString: Untagged
  m_Icon: {fileID: 0}
  m_NavMeshLayer: 0
  m_StaticEditorFlags: 0
  m_IsActive: 1
--- !u!4 &226676783
Transform:
  m_ObjectHideFlags: 0
  m_CorrespondingSourceObject: {fileID: 0}
  m_PrefabInstance: {fileID: 0}
  m_PrefabAsset: {fileID: 0}
  m_GameObject: {fileID: 226676782}
  m_LocalRotation: {x: 0, y: -0.3665338, z: 0, w: 0.9304048}
  m_LocalPosition: {x: 3.632, y: 0.115, z: -1.17}
  m_LocalScale: {x: 0.0099997325, y: 0.0099997325, z: 0.0099997325}
  m_Children: []
  m_Father: {fileID: 815132026}
  m_RootOrder: 0
  m_LocalEulerAnglesHint: {x: 0, y: -43.004, z: 0}
--- !u!23 &226676785
MeshRenderer:
  m_ObjectHideFlags: 0
  m_CorrespondingSourceObject: {fileID: 0}
  m_PrefabInstance: {fileID: 0}
  m_PrefabAsset: {fileID: 0}
  m_GameObject: {fileID: 226676782}
  m_Enabled: 1
  m_CastShadows: 1
  m_ReceiveShadows: 1
  m_DynamicOccludee: 1
  m_MotionVectors: 1
  m_LightProbeUsage: 1
  m_ReflectionProbeUsage: 1
  m_RayTracingMode: 2
  m_RayTraceProcedural: 0
  m_RenderingLayerMask: 1
  m_RendererPriority: 0
  m_Materials:
  - {fileID: 2100000, guid: 850150af2d1e5fa49847be7b9836f728, type: 2}
  m_StaticBatchInfo:
    firstSubMesh: 0
    subMeshCount: 0
  m_StaticBatchRoot: {fileID: 0}
  m_ProbeAnchor: {fileID: 0}
  m_LightProbeVolumeOverride: {fileID: 0}
  m_ScaleInLightmap: 1
  m_ReceiveGI: 1
  m_PreserveUVs: 0
  m_IgnoreNormalsForChartDetection: 0
  m_ImportantGI: 0
  m_StitchLightmapSeams: 1
  m_SelectedEditorRenderState: 3
  m_MinimumChartSize: 4
  m_AutoUVMaxDistance: 0.5
  m_AutoUVMaxAngle: 89
  m_LightmapParameters: {fileID: 0}
  m_SortingLayerID: 0
  m_SortingLayer: 0
  m_SortingOrder: 0
  m_AdditionalVertexStreams: {fileID: 0}
--- !u!33 &226676786
MeshFilter:
  m_ObjectHideFlags: 0
  m_CorrespondingSourceObject: {fileID: 0}
  m_PrefabInstance: {fileID: 0}
  m_PrefabAsset: {fileID: 0}
  m_GameObject: {fileID: 226676782}
  m_Mesh: {fileID: 4300000, guid: ebfb4988eb16add4784122504f75fe2f, type: 2}
--- !u!114 &226676787
MonoBehaviour:
  m_ObjectHideFlags: 0
  m_CorrespondingSourceObject: {fileID: 0}
  m_PrefabInstance: {fileID: 0}
  m_PrefabAsset: {fileID: 0}
  m_GameObject: {fileID: 226676782}
  m_Enabled: 1
  m_EditorHideFlags: 0
  m_Script: {fileID: 11500000, guid: 5c6a6df342b52d24092cf6bbb590c535, type: 3}
  m_Name: 
  m_EditorClassIdentifier: 
  waveHeight: 0.8
  waveFrequency: 0.3
  waveLength: 0.9
  waveOriginPosition: {x: 0, y: 0, z: 0}
--- !u!1 &815132025
GameObject:
  m_ObjectHideFlags: 0
  m_CorrespondingSourceObject: {fileID: 0}
  m_PrefabInstance: {fileID: 0}
  m_PrefabAsset: {fileID: 0}
  serializedVersion: 6
  m_Component:
  - component: {fileID: 815132026}
  m_Layer: 0
  m_Name: Env
  m_TagString: Untagged
  m_Icon: {fileID: 0}
  m_NavMeshLayer: 0
  m_StaticEditorFlags: 0
  m_IsActive: 1
--- !u!4 &815132026
Transform:
  m_ObjectHideFlags: 0
  m_CorrespondingSourceObject: {fileID: 0}
  m_PrefabInstance: {fileID: 0}
  m_PrefabAsset: {fileID: 0}
  m_GameObject: {fileID: 815132025}
  m_LocalRotation: {x: 0, y: 0, z: 0, w: 1}
  m_LocalPosition: {x: -3.5944552, y: 0.35990238, z: 2.0792465}
  m_LocalScale: {x: 1, y: 1, z: 1}
  m_Children:
  - {fileID: 226676783}
  m_Father: {fileID: 0}
  m_RootOrder: 7
  m_LocalEulerAnglesHint: {x: 0, y: 0, z: 0}
--- !u!1001 &898476556
PrefabInstance:
  m_ObjectHideFlags: 0
  serializedVersion: 2
  m_Modification:
    m_TransformParent: {fileID: 0}
    m_Modifications:
    - target: {fileID: -8679921383154817045, guid: 8d7d10efe1ea2534284acc1d1e8ef868, type: 3}
      propertyPath: m_RootOrder
      value: 2
      objectReference: {fileID: 0}
    - target: {fileID: -8679921383154817045, guid: 8d7d10efe1ea2534284acc1d1e8ef868, type: 3}
      propertyPath: m_LocalScale.x
      value: 1
      objectReference: {fileID: 0}
    - target: {fileID: -8679921383154817045, guid: 8d7d10efe1ea2534284acc1d1e8ef868, type: 3}
      propertyPath: m_LocalScale.y
      value: 1
      objectReference: {fileID: 0}
    - target: {fileID: -8679921383154817045, guid: 8d7d10efe1ea2534284acc1d1e8ef868, type: 3}
      propertyPath: m_LocalScale.z
      value: 1
      objectReference: {fileID: 0}
    - target: {fileID: -8679921383154817045, guid: 8d7d10efe1ea2534284acc1d1e8ef868, type: 3}
      propertyPath: m_LocalPosition.x
      value: 0.018
      objectReference: {fileID: 0}
    - target: {fileID: -8679921383154817045, guid: 8d7d10efe1ea2534284acc1d1e8ef868, type: 3}
      propertyPath: m_LocalPosition.y
      value: 0.6
      objectReference: {fileID: 0}
    - target: {fileID: -8679921383154817045, guid: 8d7d10efe1ea2534284acc1d1e8ef868, type: 3}
      propertyPath: m_LocalPosition.z
      value: 0.0294
      objectReference: {fileID: 0}
    - target: {fileID: -8679921383154817045, guid: 8d7d10efe1ea2534284acc1d1e8ef868, type: 3}
      propertyPath: m_LocalRotation.w
      value: 1
      objectReference: {fileID: 0}
    - target: {fileID: -8679921383154817045, guid: 8d7d10efe1ea2534284acc1d1e8ef868, type: 3}
      propertyPath: m_LocalRotation.x
      value: -0
      objectReference: {fileID: 0}
    - target: {fileID: -8679921383154817045, guid: 8d7d10efe1ea2534284acc1d1e8ef868, type: 3}
      propertyPath: m_LocalRotation.y
      value: -0.00000032782552
      objectReference: {fileID: 0}
    - target: {fileID: -8679921383154817045, guid: 8d7d10efe1ea2534284acc1d1e8ef868, type: 3}
      propertyPath: m_LocalRotation.z
      value: -0
      objectReference: {fileID: 0}
    - target: {fileID: -8679921383154817045, guid: 8d7d10efe1ea2534284acc1d1e8ef868, type: 3}
      propertyPath: m_LocalEulerAnglesHint.x
      value: 0
      objectReference: {fileID: 0}
    - target: {fileID: -8679921383154817045, guid: 8d7d10efe1ea2534284acc1d1e8ef868, type: 3}
      propertyPath: m_LocalEulerAnglesHint.y
      value: 0
      objectReference: {fileID: 0}
    - target: {fileID: -8679921383154817045, guid: 8d7d10efe1ea2534284acc1d1e8ef868, type: 3}
      propertyPath: m_LocalEulerAnglesHint.z
      value: 0
      objectReference: {fileID: 0}
    - target: {fileID: -7511558181221131132, guid: 8d7d10efe1ea2534284acc1d1e8ef868, type: 3}
      propertyPath: m_Materials.Array.data[0]
      value: 
      objectReference: {fileID: 2100000, guid: ba795f9c44256c941bf2458b1f965d7d, type: 2}
    - target: {fileID: 919132149155446097, guid: 8d7d10efe1ea2534284acc1d1e8ef868, type: 3}
      propertyPath: m_Name
      value: Cube_V3_2
      objectReference: {fileID: 0}
    m_RemovedComponents: []
  m_SourcePrefab: {fileID: 100100000, guid: 8d7d10efe1ea2534284acc1d1e8ef868, type: 3}
--- !u!1 &942900766
GameObject:
  m_ObjectHideFlags: 0
  m_CorrespondingSourceObject: {fileID: 0}
  m_PrefabInstance: {fileID: 0}
  m_PrefabAsset: {fileID: 0}
  serializedVersion: 6
  m_Component:
  - component: {fileID: 942900769}
  - component: {fileID: 942900768}
  - component: {fileID: 942900767}
  m_Layer: 0
  m_Name: Main Camera
  m_TagString: MainCamera
  m_Icon: {fileID: 0}
  m_NavMeshLayer: 0
  m_StaticEditorFlags: 0
  m_IsActive: 1
--- !u!81 &942900767
AudioListener:
  m_ObjectHideFlags: 0
  m_CorrespondingSourceObject: {fileID: 0}
  m_PrefabInstance: {fileID: 0}
  m_PrefabAsset: {fileID: 0}
  m_GameObject: {fileID: 942900766}
  m_Enabled: 1
--- !u!20 &942900768
Camera:
  m_ObjectHideFlags: 0
  m_CorrespondingSourceObject: {fileID: 0}
  m_PrefabInstance: {fileID: 0}
  m_PrefabAsset: {fileID: 0}
  m_GameObject: {fileID: 942900766}
  m_Enabled: 1
  serializedVersion: 2
  m_ClearFlags: 1
  m_BackGroundColor: {r: 0.87843144, g: 0.89019614, b: 0.9176471, a: 0}
  m_projectionMatrixMode: 1
  m_GateFitMode: 2
  m_FOVAxisMode: 0
  m_SensorSize: {x: 36, y: 24}
  m_LensShift: {x: 0, y: 0}
  m_FocalLength: 50
  m_NormalizedViewPortRect:
    serializedVersion: 2
    x: 0
    y: 0
    width: 1
    height: 1
  near clip plane: 0.01
  far clip plane: 1000
  field of view: 60
  orthographic: 0
  orthographic size: 5
  m_Depth: -1
  m_CullingMask:
    serializedVersion: 2
    m_Bits: 4294967295
  m_RenderingPath: -1
  m_TargetTexture: {fileID: 0}
  m_TargetDisplay: 0
  m_TargetEye: 3
  m_HDR: 1
  m_AllowMSAA: 1
  m_AllowDynamicResolution: 0
  m_ForceIntoRT: 0
  m_OcclusionCulling: 1
  m_StereoConvergence: 10
  m_StereoSeparation: 0.022
--- !u!4 &942900769
Transform:
  m_ObjectHideFlags: 0
  m_CorrespondingSourceObject: {fileID: 0}
  m_PrefabInstance: {fileID: 0}
  m_PrefabAsset: {fileID: 0}
  m_GameObject: {fileID: 942900766}
  m_LocalRotation: {x: 0, y: 0, z: 0, w: 1}
  m_LocalPosition: {x: 0.01, y: 0.688, z: -0.26}
  m_LocalScale: {x: 1, y: 1, z: 1}
  m_Children: []
  m_Father: {fileID: 0}
  m_RootOrder: 0
  m_LocalEulerAnglesHint: {x: 0, y: 0, z: 0}
--- !u!1001 &1069613168
PrefabInstance:
  m_ObjectHideFlags: 0
  serializedVersion: 2
  m_Modification:
    m_TransformParent: {fileID: 0}
    m_Modifications:
    - target: {fileID: -8679921383154817045, guid: 9921c038a4928344699cce7987c48460, type: 3}
      propertyPath: m_RootOrder
      value: 5
      objectReference: {fileID: 0}
    - target: {fileID: -8679921383154817045, guid: 9921c038a4928344699cce7987c48460, type: 3}
      propertyPath: m_LocalScale.x
      value: 0.82586
      objectReference: {fileID: 0}
    - target: {fileID: -8679921383154817045, guid: 9921c038a4928344699cce7987c48460, type: 3}
      propertyPath: m_LocalScale.y
      value: 0.82586
      objectReference: {fileID: 0}
    - target: {fileID: -8679921383154817045, guid: 9921c038a4928344699cce7987c48460, type: 3}
      propertyPath: m_LocalScale.z
      value: 0.82586
      objectReference: {fileID: 0}
    - target: {fileID: -8679921383154817045, guid: 9921c038a4928344699cce7987c48460, type: 3}
      propertyPath: m_LocalPosition.x
      value: 0.01
      objectReference: {fileID: 0}
    - target: {fileID: -8679921383154817045, guid: 9921c038a4928344699cce7987c48460, type: 3}
      propertyPath: m_LocalPosition.y
      value: 0.5793
      objectReference: {fileID: 0}
    - target: {fileID: -8679921383154817045, guid: 9921c038a4928344699cce7987c48460, type: 3}
      propertyPath: m_LocalPosition.z
      value: 0.0683
      objectReference: {fileID: 0}
    - target: {fileID: -8679921383154817045, guid: 9921c038a4928344699cce7987c48460, type: 3}
      propertyPath: m_LocalRotation.w
      value: 0.7071068
      objectReference: {fileID: 0}
    - target: {fileID: -8679921383154817045, guid: 9921c038a4928344699cce7987c48460, type: 3}
      propertyPath: m_LocalRotation.x
      value: -0.7071068
      objectReference: {fileID: 0}
    - target: {fileID: -8679921383154817045, guid: 9921c038a4928344699cce7987c48460, type: 3}
      propertyPath: m_LocalRotation.y
      value: 0
      objectReference: {fileID: 0}
    - target: {fileID: -8679921383154817045, guid: 9921c038a4928344699cce7987c48460, type: 3}
      propertyPath: m_LocalRotation.z
      value: 0
      objectReference: {fileID: 0}
    - target: {fileID: -8679921383154817045, guid: 9921c038a4928344699cce7987c48460, type: 3}
      propertyPath: m_LocalEulerAnglesHint.x
      value: -90
      objectReference: {fileID: 0}
    - target: {fileID: -8679921383154817045, guid: 9921c038a4928344699cce7987c48460, type: 3}
      propertyPath: m_LocalEulerAnglesHint.y
      value: 0
      objectReference: {fileID: 0}
    - target: {fileID: -8679921383154817045, guid: 9921c038a4928344699cce7987c48460, type: 3}
      propertyPath: m_LocalEulerAnglesHint.z
      value: 0
      objectReference: {fileID: 0}
    - target: {fileID: -7511558181221131132, guid: 9921c038a4928344699cce7987c48460, type: 3}
      propertyPath: m_ReceiveShadows
      value: 1
      objectReference: {fileID: 0}
    - target: {fileID: -7511558181221131132, guid: 9921c038a4928344699cce7987c48460, type: 3}
      propertyPath: m_Materials.Array.data[0]
      value: 
      objectReference: {fileID: 2100000, guid: 84d6d2dc7e4eec84d9aa40cadcf9b6ed, type: 2}
    - target: {fileID: 919132149155446097, guid: 9921c038a4928344699cce7987c48460, type: 3}
      propertyPath: m_Name
      value: Platform
      objectReference: {fileID: 0}
    m_RemovedComponents: []
  m_SourcePrefab: {fileID: 100100000, guid: 9921c038a4928344699cce7987c48460, type: 3}
--- !u!1 &1236779102
GameObject:
  m_ObjectHideFlags: 0
  m_CorrespondingSourceObject: {fileID: 0}
  m_PrefabInstance: {fileID: 0}
  m_PrefabAsset: {fileID: 0}
  serializedVersion: 6
  m_Component:
  - component: {fileID: 1236779104}
  - component: {fileID: 1236779103}
  m_Layer: 0
  m_Name: Directional Light
  m_TagString: Untagged
  m_Icon: {fileID: 0}
  m_NavMeshLayer: 0
  m_StaticEditorFlags: 0
  m_IsActive: 1
--- !u!108 &1236779103
Light:
  m_ObjectHideFlags: 0
  m_CorrespondingSourceObject: {fileID: 0}
  m_PrefabInstance: {fileID: 0}
  m_PrefabAsset: {fileID: 0}
  m_GameObject: {fileID: 1236779102}
  m_Enabled: 1
  serializedVersion: 10
  m_Type: 1
  m_Shape: 0
  m_Color: {r: 0.8867924, g: 0.8867924, b: 0.8867924, a: 1}
  m_Intensity: 1
  m_Range: 10
  m_SpotAngle: 30
  m_InnerSpotAngle: 21.80208
  m_CookieSize: 10
  m_Shadows:
    m_Type: 2
    m_Resolution: -1
    m_CustomResolution: -1
    m_Strength: 0.495
    m_Bias: 0.05
    m_NormalBias: 0.4
    m_NearPlane: 0.2
    m_CullingMatrixOverride:
      e00: 1
      e01: 0
      e02: 0
      e03: 0
      e10: 0
      e11: 1
      e12: 0
      e13: 0
      e20: 0
      e21: 0
      e22: 1
      e23: 0
      e30: 0
      e31: 0
      e32: 0
      e33: 1
    m_UseCullingMatrixOverride: 0
  m_Cookie: {fileID: 0}
  m_DrawHalo: 0
  m_Flare: {fileID: 0}
  m_RenderMode: 0
  m_CullingMask:
    serializedVersion: 2
    m_Bits: 4294967295
  m_RenderingLayerMask: 1
  m_Lightmapping: 4
  m_LightShadowCasterMode: 0
  m_AreaSize: {x: 1, y: 1}
  m_BounceIntensity: 1
  m_ColorTemperature: 6570
  m_UseColorTemperature: 0
  m_BoundingSphereOverride: {x: 0, y: 0, z: 0, w: 0}
  m_UseBoundingSphereOverride: 0
  m_UseViewFrustumForShadowCasterCull: 1
  m_ShadowRadius: 0
  m_ShadowAngle: 0
--- !u!4 &1236779104
Transform:
  m_ObjectHideFlags: 0
  m_CorrespondingSourceObject: {fileID: 0}
  m_PrefabInstance: {fileID: 0}
  m_PrefabAsset: {fileID: 0}
  m_GameObject: {fileID: 1236779102}
  m_LocalRotation: {x: 0.34832945, y: -0.56672484, z: 0.28626493, w: 0.6895956}
  m_LocalPosition: {x: 0, y: 0.8689, z: -0.2105}
  m_LocalScale: {x: 1, y: 1, z: 1}
  m_Children: []
  m_Father: {fileID: 0}
  m_RootOrder: 6
  m_LocalEulerAnglesHint: {x: 53.599, y: -78.828, z: 0}
--- !u!1001 &1408501506
PrefabInstance:
  m_ObjectHideFlags: 0
  serializedVersion: 2
  m_Modification:
    m_TransformParent: {fileID: 0}
    m_Modifications:
    - target: {fileID: -8679921383154817045, guid: af17b3d0a2deafb48a3f24d8e8dddc35, type: 3}
      propertyPath: m_RootOrder
      value: 1
      objectReference: {fileID: 0}
    - target: {fileID: -8679921383154817045, guid: af17b3d0a2deafb48a3f24d8e8dddc35, type: 3}
      propertyPath: m_LocalScale.x
      value: 1
      objectReference: {fileID: 0}
    - target: {fileID: -8679921383154817045, guid: af17b3d0a2deafb48a3f24d8e8dddc35, type: 3}
      propertyPath: m_LocalScale.y
      value: 1
      objectReference: {fileID: 0}
    - target: {fileID: -8679921383154817045, guid: af17b3d0a2deafb48a3f24d8e8dddc35, type: 3}
      propertyPath: m_LocalScale.z
      value: 1
      objectReference: {fileID: 0}
    - target: {fileID: -8679921383154817045, guid: af17b3d0a2deafb48a3f24d8e8dddc35, type: 3}
      propertyPath: m_LocalPosition.x
      value: 0.04
      objectReference: {fileID: 0}
    - target: {fileID: -8679921383154817045, guid: af17b3d0a2deafb48a3f24d8e8dddc35, type: 3}
      propertyPath: m_LocalPosition.y
      value: 0.6
      objectReference: {fileID: 0}
    - target: {fileID: -8679921383154817045, guid: af17b3d0a2deafb48a3f24d8e8dddc35, type: 3}
      propertyPath: m_LocalPosition.z
      value: 0.0294
      objectReference: {fileID: 0}
    - target: {fileID: -8679921383154817045, guid: af17b3d0a2deafb48a3f24d8e8dddc35, type: 3}
      propertyPath: m_LocalRotation.w
      value: 1
      objectReference: {fileID: 0}
    - target: {fileID: -8679921383154817045, guid: af17b3d0a2deafb48a3f24d8e8dddc35, type: 3}
      propertyPath: m_LocalRotation.x
      value: -0
      objectReference: {fileID: 0}
    - target: {fileID: -8679921383154817045, guid: af17b3d0a2deafb48a3f24d8e8dddc35, type: 3}
      propertyPath: m_LocalRotation.y
      value: -0.00000032782552
      objectReference: {fileID: 0}
    - target: {fileID: -8679921383154817045, guid: af17b3d0a2deafb48a3f24d8e8dddc35, type: 3}
      propertyPath: m_LocalRotation.z
      value: -0
      objectReference: {fileID: 0}
    - target: {fileID: -8679921383154817045, guid: af17b3d0a2deafb48a3f24d8e8dddc35, type: 3}
      propertyPath: m_LocalEulerAnglesHint.x
      value: 0
      objectReference: {fileID: 0}
    - target: {fileID: -8679921383154817045, guid: af17b3d0a2deafb48a3f24d8e8dddc35, type: 3}
      propertyPath: m_LocalEulerAnglesHint.y
      value: 0
      objectReference: {fileID: 0}
    - target: {fileID: -8679921383154817045, guid: af17b3d0a2deafb48a3f24d8e8dddc35, type: 3}
      propertyPath: m_LocalEulerAnglesHint.z
      value: 0
      objectReference: {fileID: 0}
    - target: {fileID: -7511558181221131132, guid: af17b3d0a2deafb48a3f24d8e8dddc35, type: 3}
      propertyPath: m_Materials.Array.data[0]
      value: 
      objectReference: {fileID: 2100000, guid: ba795f9c44256c941bf2458b1f965d7d, type: 2}
    - target: {fileID: 919132149155446097, guid: af17b3d0a2deafb48a3f24d8e8dddc35, type: 3}
      propertyPath: m_Name
      value: Cube_V3_1
      objectReference: {fileID: 0}
    m_RemovedComponents: []
  m_SourcePrefab: {fileID: 100100000, guid: af17b3d0a2deafb48a3f24d8e8dddc35, type: 3}
--- !u!1001 &2090896320
PrefabInstance:
  m_ObjectHideFlags: 0
  serializedVersion: 2
  m_Modification:
    m_TransformParent: {fileID: 0}
    m_Modifications:
    - target: {fileID: -8679921383154817045, guid: 963a3dce2f4ce7448ba21060452dcc23, type: 3}
      propertyPath: m_RootOrder
      value: 3
      objectReference: {fileID: 0}
    - target: {fileID: -8679921383154817045, guid: 963a3dce2f4ce7448ba21060452dcc23, type: 3}
      propertyPath: m_LocalScale.x
      value: 1
      objectReference: {fileID: 0}
    - target: {fileID: -8679921383154817045, guid: 963a3dce2f4ce7448ba21060452dcc23, type: 3}
      propertyPath: m_LocalScale.y
      value: 1
      objectReference: {fileID: 0}
    - target: {fileID: -8679921383154817045, guid: 963a3dce2f4ce7448ba21060452dcc23, type: 3}
      propertyPath: m_LocalScale.z
      value: 1
      objectReference: {fileID: 0}
    - target: {fileID: -8679921383154817045, guid: 963a3dce2f4ce7448ba21060452dcc23, type: 3}
      propertyPath: m_LocalPosition.x
      value: -0.0037
      objectReference: {fileID: 0}
    - target: {fileID: -8679921383154817045, guid: 963a3dce2f4ce7448ba21060452dcc23, type: 3}
      propertyPath: m_LocalPosition.y
      value: 0.6
      objectReference: {fileID: 0}
    - target: {fileID: -8679921383154817045, guid: 963a3dce2f4ce7448ba21060452dcc23, type: 3}
      propertyPath: m_LocalPosition.z
      value: 0.0294
      objectReference: {fileID: 0}
    - target: {fileID: -8679921383154817045, guid: 963a3dce2f4ce7448ba21060452dcc23, type: 3}
      propertyPath: m_LocalRotation.w
      value: 1
      objectReference: {fileID: 0}
    - target: {fileID: -8679921383154817045, guid: 963a3dce2f4ce7448ba21060452dcc23, type: 3}
      propertyPath: m_LocalRotation.x
      value: -0
      objectReference: {fileID: 0}
    - target: {fileID: -8679921383154817045, guid: 963a3dce2f4ce7448ba21060452dcc23, type: 3}
      propertyPath: m_LocalRotation.y
      value: -0.00000032782552
      objectReference: {fileID: 0}
    - target: {fileID: -8679921383154817045, guid: 963a3dce2f4ce7448ba21060452dcc23, type: 3}
      propertyPath: m_LocalRotation.z
      value: -0
      objectReference: {fileID: 0}
    - target: {fileID: -8679921383154817045, guid: 963a3dce2f4ce7448ba21060452dcc23, type: 3}
      propertyPath: m_LocalEulerAnglesHint.x
      value: 0
      objectReference: {fileID: 0}
    - target: {fileID: -8679921383154817045, guid: 963a3dce2f4ce7448ba21060452dcc23, type: 3}
      propertyPath: m_LocalEulerAnglesHint.y
      value: 0
      objectReference: {fileID: 0}
    - target: {fileID: -8679921383154817045, guid: 963a3dce2f4ce7448ba21060452dcc23, type: 3}
      propertyPath: m_LocalEulerAnglesHint.z
      value: 0
      objectReference: {fileID: 0}
    - target: {fileID: -7511558181221131132, guid: 963a3dce2f4ce7448ba21060452dcc23, type: 3}
      propertyPath: m_Materials.Array.data[0]
      value: 
      objectReference: {fileID: 2100000, guid: ba795f9c44256c941bf2458b1f965d7d, type: 2}
    - target: {fileID: 919132149155446097, guid: 963a3dce2f4ce7448ba21060452dcc23, type: 3}
      propertyPath: m_Name
      value: Cube_V3_3
      objectReference: {fileID: 0}
    m_RemovedComponents: []
  m_SourcePrefab: {fileID: 100100000, guid: 963a3dce2f4ce7448ba21060452dcc23, type: 3}
--- !u!1001 &2119839202
PrefabInstance:
  m_ObjectHideFlags: 0
  serializedVersion: 2
  m_Modification:
    m_TransformParent: {fileID: 0}
    m_Modifications:
    - target: {fileID: -8679921383154817045, guid: 54e1be96d6ab0274ba7b5652248744a8, type: 3}
      propertyPath: m_RootOrder
      value: 4
      objectReference: {fileID: 0}
    - target: {fileID: -8679921383154817045, guid: 54e1be96d6ab0274ba7b5652248744a8, type: 3}
      propertyPath: m_LocalScale.x
      value: 1
      objectReference: {fileID: 0}
    - target: {fileID: -8679921383154817045, guid: 54e1be96d6ab0274ba7b5652248744a8, type: 3}
      propertyPath: m_LocalScale.y
      value: 1
      objectReference: {fileID: 0}
    - target: {fileID: -8679921383154817045, guid: 54e1be96d6ab0274ba7b5652248744a8, type: 3}
      propertyPath: m_LocalScale.z
      value: 1
      objectReference: {fileID: 0}
    - target: {fileID: -8679921383154817045, guid: 54e1be96d6ab0274ba7b5652248744a8, type: 3}
      propertyPath: m_LocalPosition.x
      value: -0.0258
      objectReference: {fileID: 0}
    - target: {fileID: -8679921383154817045, guid: 54e1be96d6ab0274ba7b5652248744a8, type: 3}
      propertyPath: m_LocalPosition.y
      value: 0.6
      objectReference: {fileID: 0}
    - target: {fileID: -8679921383154817045, guid: 54e1be96d6ab0274ba7b5652248744a8, type: 3}
      propertyPath: m_LocalPosition.z
      value: 0.0294
      objectReference: {fileID: 0}
    - target: {fileID: -8679921383154817045, guid: 54e1be96d6ab0274ba7b5652248744a8, type: 3}
      propertyPath: m_LocalRotation.w
      value: 1
      objectReference: {fileID: 0}
    - target: {fileID: -8679921383154817045, guid: 54e1be96d6ab0274ba7b5652248744a8, type: 3}
      propertyPath: m_LocalRotation.x
      value: -0
      objectReference: {fileID: 0}
    - target: {fileID: -8679921383154817045, guid: 54e1be96d6ab0274ba7b5652248744a8, type: 3}
      propertyPath: m_LocalRotation.y
      value: -0.00000032782552
      objectReference: {fileID: 0}
    - target: {fileID: -8679921383154817045, guid: 54e1be96d6ab0274ba7b5652248744a8, type: 3}
      propertyPath: m_LocalRotation.z
      value: -0
      objectReference: {fileID: 0}
    - target: {fileID: -8679921383154817045, guid: 54e1be96d6ab0274ba7b5652248744a8, type: 3}
      propertyPath: m_LocalEulerAnglesHint.x
      value: 0
      objectReference: {fileID: 0}
    - target: {fileID: -8679921383154817045, guid: 54e1be96d6ab0274ba7b5652248744a8, type: 3}
      propertyPath: m_LocalEulerAnglesHint.y
      value: 0
      objectReference: {fileID: 0}
    - target: {fileID: -8679921383154817045, guid: 54e1be96d6ab0274ba7b5652248744a8, type: 3}
      propertyPath: m_LocalEulerAnglesHint.z
      value: 0
      objectReference: {fileID: 0}
    - target: {fileID: -7511558181221131132, guid: 54e1be96d6ab0274ba7b5652248744a8, type: 3}
      propertyPath: m_Materials.Array.data[0]
      value: 
      objectReference: {fileID: 2100000, guid: ba795f9c44256c941bf2458b1f965d7d, type: 2}
    - target: {fileID: 919132149155446097, guid: 54e1be96d6ab0274ba7b5652248744a8, type: 3}
      propertyPath: m_Name
      value: Cube_V3_4
      objectReference: {fileID: 0}
    m_RemovedComponents: []
  m_SourcePrefab: {fileID: 100100000, guid: 54e1be96d6ab0274ba7b5652248744a8, type: 3}
